@incollection{levinson2016box,
  title={The box},
  author={Levinson, Marc},
  booktitle={The Box},
  year={2016},
  publisher={Princeton University Press}
}

@article{shanghai2022report,
  title = {上海国际航运研究中心报告：2021年全球港口集装箱吞吐量增速回升至6.5\% 总规模超过疫情前水平},
  author = {宋薇萍},
  journal = {上海证券报·中国证券网},
  year = {2022},
  month = {04},
  day = {14},
  url = {https://news.cnstock.com/news,bwkx-202204-4862514.htm},
  note = {引用日期：2023年06月15日}
}

@article{谢琛2015集装箱扭锁技术的现状及发展趋势,
  title={集装箱扭锁技术的现状及发展趋势},
  author={谢琛 and 张攀攀 and 费海波},
  journal={中国水运: 下半月},
  number={7},
  pages={38--40},
  year={2015}
}

@mastersthesis{平原2018机器人扭锁自动化装卸抓取规划研究,
  title={机器人扭锁自动化装卸抓取规划研究},
  author={平原},
  year={2018},
  school={大连交通大学}
}




@book{niku2020introduction,
  title={Introduction to robotics: analysis, control, applications},
  author={Niku, Saeed B},
  year={2020},
  publisher={John Wiley \& Sons}
}

@article{1955A,
  title={A Kinematic Notation for Lower-Pair Mechanisms},
  author={ Denavit, J.  and  Hartenberg, R. S. },
  journal={Journal of Applied Mechanics},
  volume={22},
  year={1955},
}

@article{周国义20096,
  title={6 自由度解耦机器人运动学逆解优化的研究},
  author={周国义 and 谢明红 and 孙友生 and 刘仁中},
  journal={机电产品开发与创新},
  number={5},
  pages={21--23},
  year={2009}
}
